<record><leader>00000cas a2200000 a 4500</leader><controlfield tag="001">52522235</controlfield><controlfield tag="008">030630d19731976caudn ne      0    0eng c</controlfield><datafield ind1=" " ind2=" " tag="010"><subfield code="a">sn2003061142</subfield></datafield><datafield ind1=" " ind2=" " tag="040"><subfield code="a">CNK</subfield><subfield code="b">eng</subfield><subfield code="c">CNK</subfield><subfield code="d">IUL</subfield><subfield code="d">OCLCQ</subfield><subfield code="d">OCLCF</subfield></datafield><datafield ind1="1" ind2=" " tag="029"><subfield code="a">AU@</subfield><subfield code="b">000024759286</subfield></datafield><datafield ind1=" " ind2=" " tag="042"><subfield code="a">pcc</subfield></datafield><datafield ind1=" " ind2=" " tag="043"><subfield code="a">n-us-ca</subfield></datafield><datafield ind1="0" ind2=" " tag="130"><subfield code="a">News-chronicle (Thousand Oaks, Ventura County, Calif. : Las Virgenes ed.)</subfield></datafield><datafield ind1="1" ind2="0" tag="245"><subfield code="a">News-chronicle.</subfield></datafield><datafield ind1=" " ind2=" " tag="250"><subfield code="a">Las Virgenes ed.</subfield></datafield><datafield ind1=" " ind2=" " tag="260"><subfield code="a">Thousand Oaks, Calif. :</subfield><subfield code="b">John P. Scripps Newspapers</subfield></datafield><datafield ind1=" " ind2=" " tag="300"><subfield code="a">v.</subfield></datafield><datafield ind1=" " ind2=" " tag="310"><subfield code="a">Daily (except Sat.)</subfield></datafield><datafield ind1="0" ind2=" " tag="362"><subfield code="a">Vol. 19, no. 172 (Dec. 17, 1973)-v. 21, no. 261 (Apr. 2, 1976).</subfield></datafield><datafield ind1=" " ind2=" " tag="500"><subfield code="a">"Las Virgenes' Daily Newspaper" appears in smaller print to the left of "News-Chronicle," Dec. 17, 1973-Mar. 14, 1974; "Las Virgenes Daily Edition" appears in smaller print to the right of "News-Chronicle," Mar. 15, 1974-Apr. 2, 1976.</subfield></datafield><datafield ind1=" " ind2="0" tag="651"><subfield code="a">Las Virgenes (Calif.)</subfield><subfield code="v">Newspapers.</subfield></datafield><datafield ind1=" " ind2="7" tag="655"><subfield code="a">Newspapers.</subfield><subfield code="2">fast</subfield><subfield code="0">(OCoLC)fst01423814</subfield></datafield><datafield ind1=" " ind2="7" tag="651"><subfield code="a">California</subfield><subfield code="z">Las Virgenes.</subfield><subfield code="2">fast</subfield><subfield code="0">(OCoLC)fst01253197</subfield></datafield><datafield ind1=" " ind2=" " tag="752"><subfield code="a">United States</subfield><subfield code="b">California</subfield><subfield code="c">Ventura</subfield><subfield code="d">Thousand Oaks.</subfield></datafield><datafield ind1="0" ind2=" " tag="775"><subfield code="t">News-chronicle (Thousand Oaks, Ventura County, Calif.)</subfield><subfield code="w">(DLC)sn2003061137</subfield></datafield></record>